<?xml version="1.0" encoding="UTF-8"?><collection xmlns="http://www.loc.gov/MARC21/slim"><record><leader>00415nam--2200145-i-4500</leader><controlfield tag="001">000026011</controlfield><controlfield tag="002">20161230</controlfield><controlfield tag="005">20161230201036</controlfield><controlfield tag="008">060222s1000------------r-----000-0-eng-d</controlfield><datafield ind1=" " ind2=" " tag="080"><subfield code="a">620.193</subfield></datafield><datafield ind1=" " ind2=" " tag="100"><subfield code="a">Kammpermann, H</subfield></datafield><datafield ind1=" " ind2=" " tag="245"><subfield code="a">Cathodic protection against corrosion and the application of isotope batteries</subfield></datafield><datafield ind1=" " ind2=" " tag="260"><subfield code="a">/Wilhelm Quante Ag, Germany/, /-192-193/P</subfield></datafield><datafield ind1=" " ind2=" " tag="490"><subfield code="a">Paper Communication</subfield></datafield><datafield ind1=" " ind2=" " tag="852"><subfield code="a">25662</subfield></datafield></record></collection>